% Books

@book{takesaki2003theory3,
  title={Theory of operator algebras},
  author={Takesaki, M.},
  volume={3},
  year={2003},
  publisher={Springer Verlag}
}

