
@article{miller2014horodeckis,
  title={Horodeckis criterion of separability of mixed states in von Neumann and C*-algebras},
  author={Miller, Marek and Olkiewicz, Robert},
  journal={Infinite Dimensional Analysis, Quantum Probability and Related Topics},
  volume={17},
  number={04},
  pages={1450028},
  year={2014},
  publisher={World Scientific}
}
