% Papers

%%%%%%%%%%%
% My Papers
\bibitem{miller2014horodeckis}
  {Horodeckis criterion of separability of mixed states in von Neumann and C*-algebras}
  author={Miller, Marek and Olkiewicz, Robert
  \emph{Infinite Dimensional Analysis, Quantum Probability and Related Topics
  17
  number={04
  pages 1450028
  year={2014
  publisher={World Scientific}
}

\bibitem{miller2015stable}
 {Stable subspaces of positive maps of matrix algebras}
 author={Miller, Marek and Olkiewicz, Robert
 \emph{Open Systems and Information Dynamics
 22
 number={02
 pages 1550011
 year={2015
 publisher={World Scientific}
}

\bibitem{miller2015topology}
  author={Miller, Marek and Olkiewicz, Robert
  Topology of the cone of positive maps on qubit systems
  \emph{Journal of Physics A: Mathematical and Theoretical
  48
  number={25
  pages 255203
  year={2015
  publisher={IOPscience}
}

\bibitem{miller2011strong}
  Strong decoherence in quantum systems undergoing collisions
  author={Miller, Marek and Olkiewicz, Robert
  \emph{Physics Letters A
  375
  number={37
  pages 3264
  year={2011
  publisher={Elsevier}
}

\bibitem{miller2015extremal}
  author={Miller, Marek and Olkiewicz, Robert
  Extremal positive maps on $M_{3}(\mathbb{C})$ and idempotent matrices
  \emph{arXiv preprint arXiv:1510.04920}
}

%%%%%%%%%%

\bibitem{choi1980some}
  {Some assorted inequalities for positive linear maps on C*-algebras}
  author={Choi, Man-Duen
  \emph{{Journal of Operator Theory}
  4
  number={2
  pages 271--285
  year={1980}
}

\bibitem{olkiewicz1999environment}
  Environment-induced superselection rules in Markovian regime
  author={Olkiewicz, Robert
  \emph{{Communications in Mathematical Physics}
  208
  number={1
  pages 245--265
  year={1999
  publisher={Springer}
}

\bibitem{straszewicz1935exponierte}
  {\"U}ber exponierte Punkte abgeschlossener Punktmengen
  author={Straszewicz, Stefan
  \emph{{Fundamenta Mathematicae}
  24
  number={1
  pages 139--143
  year={1935
  publisher={Institute of Mathematics Polish Academy of Sciences}
}


\bibitem{kye1995positive}
  Positive linear maps between matrix algebras which fix diagonals
  author={Kye, Seung-Hyeok
  \emph{{Linear Algebra and its Applications}
  216
  pages 239--256
  year={1995
  publisher={Elsevier}
}

\bibitem{ha2011entanglement}
  Entanglement witnesses arising from exposed positive linear maps
  author={Ha, Kil-Chan and Kye, Seung-Hyeok
  \emph{{Open Systems and Information Dynamics}
  18
  number={04
  pages 323--337
  year={2011
  publisher={World Scientific}
}

\bibitem{choi1975positive}
  Positive semidefinite biquadratic forms
  author={Choi, Man-Duen
  \emph{{Linear Algebra and its Applications}
  12
  number={2
  pages 95--100
  year={1975
  publisher={Elsevier}
}

\bibitem{choi1975completely}
  Completely positive linear maps on complex matrices
  author={Choi, Man-Duen
  \emph{{Linear Algebra and its Applications}
  10
  number={3
  pages 285--290
  year={1975
  publisher={Elsevier}
}

\bibitem{chruscinski2011exposed}
  Exposed positive maps: a sufficient condition
  author={Chru{\'s}ci{\'n}ski, Dariusz and Sarbicki, Gniewomir
  archivePrefix = "arXiv"}
  eprint = {1111.2012
  primaryClass = "quant-ph"}
  year={2012}
}

\bibitem{marciniak2013rank}
  Rank properties of exposed positive maps
  author={Marciniak, Marcin
  \emph{{Linear and Multilinear Algebra}
  61
  number={7
  pages 970--975
  year={2013}
}


\bibitem{kadison1952generalized}
  A generalized Schwarz inequality and algebraic invariants for operator algebras
  author={Kadison, Richard V.
  \emph{{The Annals of Mathematics}
  56
  number={3
  pages 494--503
  year={1952
  publisher={JSTOR}
}

\bibitem{stinespring1955positive}
  {Positive functions on C*-algebras}
  author={Stinespring, W. Forrest
  \emph{{Proceedings of the American Mathematical Society}
  6
  number={2
  pages 211--216
  year={1955
  publisher={JSTOR}
}

\bibitem{stormer1963positive}
  Positive linear maps of operator algebras
  author={St{\o}rmer, Erling
  \emph{{Acta Mathematica}
  110
  number={1
  pages 233--278
  year={1963
  publisher={Springer}
}

\bibitem{woronowicz1976positive}
  Positive maps of low dimensional matrix algebras
  author={Woronowicz, Stanis\l{}aw Lech
  \emph{{Reports on Mathematical Physics}
  10
  number={2
  pages 165--183
  year={1976
  publisher={Elsevier}
}

\bibitem{peres1996separability}
  Separability criterion for density matrices
  author={Peres, Asher
  \emph{{Physical Review Letters}
  77
  number={8
  pages 1413--1415
  year={1996
  publisher={APS}
}

\bibitem{horodecki1996separability}
  Separability of mixed states: necessary and sufficient conditions
  author={Horodecki, Micha\l{} and Horodecki, Pawe\l{} and Horodecki, Ryszard
  \emph{{Physics Letters A}
  223
  number={1-2
  pages 1--8
  year={1996
  publisher={Elsevier}
}

\bibitem{stormer2009separable}
  Separable states and positive maps {II}
  author={St\o{}rmer, Erling
  \emph{{Mathematica Scandinavica}
  105
  number={2
  pages 188--198
  year={2009}
}

\bibitem{ha1998atomic}
  Atomic positive linear maps in matrix algebras
  author={Ha, Kil-Chan
  \emph{{Publications of the Research Institute for Mathematical Sciences}
  34
  number={6
  pages 591--599
  year={1998}
}


\bibitem{osaka1992class}
  A Class of Extremal Positive Maps in 3x3 Matrix Algebras
  author={Osaka, Hiroyuki
  \emph{{Publications of the Research Institute for Mathematical Sciences}
  28
  number={5
  pages 747--756
  year={1992}
}

\bibitem{choi1977extremal}
  Extremal positive semidefinite forms
  author={Choi, Man-Duen and Lam, Tsit-Yuen
  \emph{{Mathematische Annalen}
  231
  number={1
  pages 1--18
  year={1977
  publisher={Springer}
}

\bibitem{chruscinski2014entanglement}
  Entanglement witnesses: construction, analysis and classification
  author={Chru{\'s}ci{\'n}ski, Dariusz and Sarbicki, Gniewomir
  archivePrefix = "arXiv"}
  eprint = {1402.2413
  primaryClass = "quant-ph"}
  year={2014}
}

\bibitem{caves2000qutrit}
  Qutrit entanglement
  author={Caves, Carlton M. and Milburn, Gerard J.
  \emph{{Optics Communications}
  179
  number={1
  pages 439--446
  year={2000
  publisher={Elsevier}
}

\bibitem{bertlmann2005optimal}
  title = {Optimal entanglement witnesses for qubits and qutrits
  author = {Bertlmann, Reinhold and Durstberger, Katharina and Hiesmayr, Beatrix and Krammer, Philipp
  journal = {{Physical Review A}
  volume = {72
  number = {5
  pages = {052331
  numpages = {9
  year = {2005
  publisher = {American Physical Society}
}

\bibitem{jamiolkowski1974effective}
  An effective method of investigation of positive maps on the set of positive definite operators
  author={Jamio{\l}kowski, Andrzej
  \emph{Reports on Mathematical Physics
  5
  number={3
  pages 415--424
  year={1974
  publisher={Elsevier}
}

\bibitem{werner1989quantum}
  Quantum states with Einstein-Podolsky-Rosen correlations admitting a hidden-variable model
  author={Werner, Reinhard F.
  \emph{Physical Review A
  40
  number={8
  pages 4277
  year={1989
  publisher={APS}
}

\bibitem{krein1940extreme}
  On extreme points of regular convex sets
  author={Krein, Mark and Milman, David
  \emph{Studia Mathematica
  9
  number={1
  pages 133--138
  year={1940
  publisher={Institute of Mathematics Polish Academy of Sciences}
}

\bibitem{adesso2007entanglement}
  Entanglement in continuous-variable systems: recent advances and current perspectives
  author={Adesso, Gerardo and Illuminati, Fabrizio
  \emph{Journal of Physics A: Mathematical and Theoretical
  40
  number={28
  pages 7821
  year={2007
  publisher={IOP Publishing}
}

\bibitem{stormer2008separable}
  Separable states and positive maps
  author={St{\o}rmer, Erling
  \emph{Journal of Functional Analysis
  254
  number={8
  pages 2303--2312
  year={2008
  publisher={Elsevier}
}

\bibitem{olkiewicz1999environment}
  Environment-induced superselection rules in Markovian regime
  author={Olkiewicz, Robert
  \emph{{Communications in Mathematical Physics}
  208
  number={1
  pages 245--265
  year={1999
  publisher={Springer}
}

\bibitem{rutkowski2015class}
  {A class of bistochastic positive optimal maps in $M_{d}(\mathbb{C})$}
  author={Rutkowski, Adam and Sarbicki, Gniewomir and Chruscinski, Dariusz
  \emph{arXiv preprint, 1505.07854}
}

\bibitem{einstein1935can}
  Can quantum-mechanical description of physical reality be considered complete?
  author={Einstein, Albert and Podolsky, Boris and Rosen, Nathan
  \emph{Physical review
  47
  number={10
  pages 777
  year={1935
  publisher={APS}
}

\bibitem{schrodinger1935gegenwartige}
  Die gegenw{\"a}rtige Situation in der Quantenmechanik
  author={Schr{\"o}dinger, Erwin
  \emph{Naturwissenschaften
  23
  number={49
  pages 823--828
  year={1935
  publisher={Springer}
}

\bibitem{horodecki2009quantum}
  Quantum entanglement
  author={Horodecki, Ryszard and Horodecki, Pawe{\l} and Horodecki, Micha{\l} and Horodecki, Karol
  \emph{Reviews of Modern Physics
  81
  number={2
  pages 865
  year={2009
  publisher={APS}
}

\bibitem{jamiolkowski1972linear}
  Linear transformations which preserve trace and positive semidefiniteness of operators
  author={Jamio{\l}kowski, Andrzej
  \emph{Reports on Mathematical Physics
  3
  number={4
  pages 275--278
  year={1972
  publisher={Elsevier}
}

\bibitem{araki1968classification}
  A classification of factors
  author={Araki, Huzihiro and Woods, EJ
  \emph{Publications of the Research Institute for Mathematical Sciences
  4
  number={1
  pages 51--130
  year={1968}
}

\bibitem{bourennane2004experimental}
  Experimental detection of multipartite entanglement using witness operators
  author={Bourennane, Mohamed and Eibl, Manfred and Kurtsiefer, Christian and Gaertner, Sascha and Weinfurter, Harald and G{\"u}hne, Otfried and Hyllus, Philipp and Bru{\ss Dagmar and Lewenstein, Maciej and Sanpera, Anna
  \emph{Physical review letters
  92
  number={8
  pages 087902
  year={2004
  publisher={APS}
}

\bibitem{modi2010unified}
  Unified view of quantum and classical correlations
  author={Modi, Kavan and Paterek, Tomasz and Son, Wonmin and Vedral, Vlatko and Williamson, Mark
  \emph{Physical review letters
  104
  number={8
  pages 080501
  year={2010
  publisher={APS}
}

\bibitem{ollivier2001quantum}
  Quantum discord: a measure of the quantumness of correlations
  author={Ollivier, Harold and Zurek, Wojciech H
  \emph{Physical review letters
  88
  number={1
  pages 017901
  year={2001
  publisher={APS}
}


\bibitem{loewy1975positive}
  Positive operators on the n-dimensional ice cream cone
  author={Loewy, R. and Schneider, H.
  \emph{Journal of Mathematical Analysis and Applications
  49
  number={2
  pages 375--392
  year={1975
  publisher={Elsevier}
}


\bibitem{goyal2011geometry}
  {Geometry of the generalized Bloch sphere for qutrit}
  author={Goyal, S.\,K. and Simon, B.\,N. and Singh, R. and Simon, S.
  \emph{arXiv preprint arXiv:1111.4427
  year={2011}
}


\bibitem{marciniak2012rank}
  Rank properties of exposed positive maps
  author={Marciniak, M.
  \emph{Linear and Multilinear Algebra
  61
  number={7
  pages 970-975
  year={2013
  publisher={Taylor \& Francis}
}


@inproceedings{robertson1983schwarz}
  {Schwarz inequalities and the decomposition of positive maps on C*-algebras}
  author={Robertson, A. G.
  bookMathematical Proceedings of the Cambridge Philosophical Society
  94
  number={02
  pages 291--296
  year={1983
  organization={Cambridge Univ Press}
}


\bibitem{marciniak2008extremal}
  {On extremal positive maps acting between type I factors}
  author={Marciniak, M.
  \emph{arXiv preprint arXiv:0812.2311
  year={2008}
}


\bibitem{landau1993birkhoff}
  {On Birkhoff's theorem for doubly stochastic completely positive maps of matrix algebras}
  author={Landau, L. J. and Streater, R. F.
  \emph{Linear algebra and its applications
  193
  pages 107--127
  year={1993
  publisher={Elsevier}
}


\bibitem{miranda1994group}
  Group majorization, the convex hulls of sets of matrices, and the diagonal element-singular value inequalities
  author={Miranda, H.\,F. and Thompson, R. C.
  \emph{Linear algebra and its applications
  199
  pages 131--141
  year={1994
  publisher={Elsevier}
}



\bibitem{schwarz1955hausdorff}
  {On Hausdorff bicompact semigroups}
  author={Schwarz, S
  \emph{Czechoslovak Math. J
  5
  number={80
  pages 1--23
  year={1955}
}

@inproceedings{chow1975compact}
  On compact affine semigroups
  author={Chow, HL
  bookSemigroup Forum
  11
  number={1
  pages 146--152
  year={1975
  organization={Springer}
}

\bibitem{yngwason2005role}
  {The role of type III factors in quantum field theory}
  author={Yngvason, Jakob
  \emph{Reports on Mathematical Physics
  55
  number={1
  pages 135--147
  year={2005
  publisher={Elsevier}
}

\bibitem{besenyei2011completely}
  Completely positive mappings and mean matrices
  author={Besenyei, {\'A}d{\'a}m and Petz, D{\'e}nes
  \emph{Linear Algebra and its Applications
  435
  number={5
  pages 984--997
  year={2011
  publisher={Elsevier}
}

\bibitem{leinaas2006geometrical}
  Geometrical aspects of entanglement
  author={Leinaas, Jon Magne and Myrheim, Jan and Ovrum, Eirik
  \emph{Physical Review A
  74
  number={1
  pages 012313
  year={2006
  publisher={APS}
}

\bibitem{stormer2013decomposition}
  A decomposition theorem for positive maps, and the projection onto a spin factor
  author={St{\o}rmer, Erling
  \emph{arXiv preprint arXiv:1308.3332
  year={2013}
}
